@book{numbeo,
  author = {Numbeo},
  title = {Cost of Living in Slovakia},
  year = {2025},
  note = {\url{https://www.numbeo.com/cost-of-living/country_result.jsp?country=Slovakia}}
}

@book{mp,
  author = {Ministerstvo pôdohospodárstva a rozvoja vidieka SR},
  title = {Cenový trackér potravín},
  year = {2025},
  note = {\url{https://www.mpsr.sk/}}
}

@book{eurostat,
  author = {Eurostat},
  title = {HICP - Inflation in the EU},
  year = {2025},
  note = {\url{https://ec.europa.eu/eurostat/}}
}
